<record xmlns="http://www.openarchives.org/OAI/2.0/" xmlns:xsi="http://www.w3.org/2001/XMLSchema-instance"><header><identifier>oai:alma.34CSIC_INST:990013500350204201</identifier><datestamp>2020-02-06T08:40:59Z</datestamp><setSpec>manuscripta</setSpec></header><metadata><record xmlns="http://www.loc.gov/MARC21/slim" xmlns:xsi="http://www.w3.org/2001/XMLSchema-instance" xsi:schemaLocation="http://www.loc.gov/MARC21/slim http://www.loc.gov/standards/marcxml/schema/MARC21slim.xsd"><leader>05787nam a2200625 i 4500</leader><controlfield tag="005">20181031100339.0</controlfield><controlfield tag="008">100726suuuu                  000 0 ara d</controlfield><controlfield tag="001">990013500350204201</controlfield><datafield tag="035" ind1=" " ind2=" "><subfield code="a">CSIC001350035</subfield></datafield><datafield tag="035" ind1=" " ind2=" "><subfield code="a">(ES-MaCSI)001350035MAD01-Aleph</subfield></datafield><datafield tag="035" ind1=" " ind2=" "><subfield code="a">(OCoLC)1123858200
</subfield></datafield><datafield tag="040" ind1=" " ind2=" "><subfield code="a">ES-MaCSI</subfield><subfield code="b">spa</subfield></datafield><datafield tag="245" ind1="1" ind2="0"><subfield code="a">مجموعة مؤلفات في الفقه والفلك‭</subfield><subfield code="h">[‭Manuscrito]</subfield></datafield><datafield tag="300" ind1=" " ind2=" "><subfield code="a">208 f. ;</subfield><subfield code="c">19,5 x 15 cm (caja: 14 x 9 cm).</subfield></datafield><datafield tag="490" ind1="1" ind2=" "><subfield code="a">Manuscripta</subfield></datafield><datafield tag="546" ind1=" " ind2=" "><subfield code="a">Arabe</subfield><subfield code="b">Escritura magrebí</subfield></datafield><datafield tag="500" ind1=" " ind2=" "><subfield code="a">Título transliterado: Maŷmūʽat muʼallafāt fī l-fiqh wa-l-falak</subfield></datafield><datafield tag="500" ind1=" " ind2=" "><subfield code="a">Título facticio</subfield></datafield><datafield tag="500" ind1=" " ind2=" "><subfield code="a">Distribución: 1 col.</subfield></datafield><datafield tag="500" ind1=" " ind2=" "><subfield code="a">Material: Papel</subfield></datafield><datafield tag="500" ind1=" " ind2=" "><subfield code="a">Tinta: Negra y roja</subfield></datafield><datafield tag="500" ind1=" " ind2=" "><subfield code="a">Características especiales: Texto sin vocalizar</subfield></datafield><datafield tag="500" ind1=" " ind2=" "><subfield code="a">Tipo de cuaderno: 21 cuads.: 1 ternión y 20 quiniones, más 2 folios sueltos, cada uno de ellos pegados entre cuadernos.</subfield></datafield><datafield tag="500" ind1=" " ind2=" "><subfield code="a">Deterioros: En general, buen estado del texto. - Descosido de los cuadernos. - En todos los folios del volumen hay galerías y manchas que afectan al texto de los folios finales del volumen.</subfield></datafield><datafield tag="500" ind1=" " ind2=" "><subfield code="a">H en blanco: No</subfield></datafield><datafield tag="500" ind1=" " ind2=" "><subfield code="a">H dañadas, mutiladas, sueltas: H dañadas: todos los folios del volumen tienen galerías por el lomo. - 2 H sueltas: folios 1 y 2 (ambos se han pegado formando un bifolio)</subfield></datafield><datafield tag="500" ind1=" " ind2=" "><subfield code="a">H faltan o añadidas: No</subfield></datafield><datafield tag="500" ind1=" " ind2=" "><subfield code="a">Foliación: Sin foliación original. Foliación moderna a lápiz hecha por Naima Anahnah (2010)</subfield></datafield><datafield tag="500" ind1=" " ind2=" "><subfield code="a">Reclamos: Reclamos en tinta negra y algunos en tinta roja en el margen inferior izquierdo de todos los folios verso</subfield></datafield><datafield tag="500" ind1=" " ind2=" "><subfield code="a">Sign. cuad.: No</subfield></datafield><datafield tag="500" ind1=" " ind2=" "><subfield code="a">Pautado: Punta seca (casi inapreciable)</subfield></datafield><datafield tag="500" ind1=" " ind2=" "><subfield code="a">Filigrana: Escudo cuyo interior alberga tres estrellas de seis puntas. En la parte superior del escudo aparece una corona de perlas de cinco picos, mientras que, en su parte inferior se lee en letras mayúsculas ahuecadas “GBB”. La frase “IL GRAN MASSO” en letras mayúsculas ahuecadas se divide en dos líneas; “il gran” en una línea y “masso” en otra debajo de la anterior; y cuya contra filigrana es el número “2”. Ramillete de flores debajo del cual aparecen las letras “P” y “O” en mayúsculas ahuecadas. Estrella de mar de ocho puntas. Circunferencia cuyo interior alberga las iniciales “JP” en letras mayúsculas ahuecadas. El exterior de la circunferencia lo conforman unas margaritas de ocho pétalos (una a cada lado de la circunferencia, más otra debajo) mientras que, en la parte superior de la circunferencia aparece otra pequeña circunferencia cuyo interior alberga unos símbolos. Su contrafiligrana es una triple “C”. Letras “RA” en mayúsculas ahuecadas y cuya contrafiligrana es una estrella de seis puntas. Escudo cuyo interior alberga una balanza sujetada con los dedos pulgar e índice de una mano. La palabra “GIACº GIUSTº” en letras mayúsculas ahuecadas. Contrafiligrana del número ordinario “1” ahuecado.</subfield></datafield><datafield tag="563" ind1=" " ind2=" "><subfield code="a">Encuadernación: Sin encuadernación</subfield></datafield><datafield tag="541" ind1=" " ind2=" "><subfield code="a">Procedencia: Compra</subfield><subfield code="c">[Familia Granados Montoro]</subfield><subfield code="d">Ingreso: 25 de Julio de 1986</subfield></datafield><datafield tag="500" ind1=" " ind2=" "><subfield code="a">Signatura antigua: VOL. XXIII; CAJA 1-2</subfield></datafield><datafield tag="581" ind1=" " ind2=" "><subfield code="a">Descripción: No</subfield></datafield><datafield tag="530" ind1=" " ind2=" "><subfield code="a">Otros soportes: No</subfield></datafield><datafield tag="581" ind1=" " ind2=" "><subfield code="a">Edición: No</subfield></datafield><datafield tag="510" ind1="4" ind2=" "><subfield code="a">No</subfield></datafield><datafield tag="520" ind1="2" ind2=" "><subfield code="a">Contiene: Al-šarḥ al-mumtiʽ fī Šarḥ al-Muqniʽ (1v-41v) [1825] 1241 de la Hégira (GAL, II, 707). - Al-taqyīd al-lāʼiq bi-mutaʽallim al-waṯāʼiq (42v-208v) [1826] 1241 de la Hégira</subfield></datafield><datafield tag="650" ind1=" " ind2="7"><subfield code="a">Derecho islámico</subfield><subfield code="v">Manuscritos.</subfield><subfield code="2">CSICAU</subfield></datafield><datafield tag="650" ind1=" " ind2="7"><subfield code="a">Astronomía árabe</subfield><subfield code="v">Manuscritos.</subfield><subfield code="2">CSICAU</subfield></datafield><datafield tag="650" ind1=" " ind2="7"><subfield code="a">Astrología árabe</subfield><subfield code="v">Manuscritos.</subfield><subfield code="2">CSICAU</subfield></datafield><datafield tag="700" ind1="1" ind2=" "><subfield code="a">Margīṯī, Muḥammad b. Sa`īd al-</subfield><subfield code="d">(1598 ó 9-1678 ó 9).</subfield></datafield><datafield tag="700" ind1="1" ind2=" "><subfield code="a">Ibn `Arḍūn, Aḥmad b. al-Ḥasan,</subfield><subfield code="d">(m. 1584 ó 5).</subfield></datafield><datafield tag="740" ind1="0" ind2=" "><subfield code="a">Maŷmūʽat muʼallafāt fī l-fiqh wa-l-falak</subfield></datafield><datafield tag="740" ind1="0" ind2=" "><subfield code="a">الشرح الممتِع في شرح المقنع</subfield></datafield><datafield tag="740" ind1="0" ind2=" "><subfield code="a">Al-šarḥ al-mumtiʽ fī Šarḥ al-muqniʽ</subfield></datafield><datafield tag="740" ind1="0" ind2=" "><subfield code="a">التّقييد اللاّئِق بِمُتَعلِّم الْوَثائق</subfield></datafield><datafield tag="740" ind1="0" ind2=" "><subfield code="a">Al-taqyīd al-lāiq bi-mutaʽalim al-waṯāʼiq</subfield></datafield><datafield tag="740" ind1="0" ind2=" "><subfield code="a">النبذة المرضية في الطريقة التوثيقية</subfield></datafield><datafield tag="740" ind1="0" ind2=" "><subfield code="a">Al-nubḏa al-marḍiyya fī al-ṭarīqa al-tawṯīqiyya</subfield></datafield><datafield tag="830" ind1=" " ind2="0"><subfield code="a">Manuscripta</subfield></datafield><datafield tag="856" ind1="4" ind2="1"><subfield code="u">http://aleph.csic.es/imagenes/mad01/0006_PMSC/P_001350035_783572_V00.pdf</subfield><subfield code="z">Descargar Pdf completo (36M)</subfield><subfield code="m">CSIC</subfield></datafield><datafield tag="856" ind1="4" ind2="1"><subfield code="u">http://simurg.bibliotecas.csic.es/viewer/image/CSIC001350035/1/</subfield><subfield code="z">Ver texto completo en SIMURG, el portal de fondos digitalizados del CSIC</subfield><subfield code="m">CSIC</subfield></datafield><datafield tag="856" ind1="4" ind2="1"><subfield code="u">http://aleph.csic.es/imagenes/mad01/0006_PMSC/html/001350035.html</subfield><subfield code="z">Ver texto completo en Bookreader</subfield></datafield></record></metadata></record>